@article{zhang2024automated,
    title={Automated High-Precision Digital Twin Modeling of Building Façade Defects with GeoBIM-assisted Registration},
    author={Zhang, Jihan and Zhao, Benyun and Yang, Guidong and Zhou, Xunkuai and Huang, Yijun and Gao, Chuanxiang and Chen, Xi and Chen, Ben M},
    year={2024},
    journal={SSRN Electronic Journal},
    doi={10.2139/ssrn.4869787},
    url={https://ssrn.com/abstract=4869787},
    publisher={Elsevier BV}
}

@article{mill2013combined,
    title={Combined 3d building surveying techniques--terrestrial laser scanning (TLS) and total station surveying for BIM data management purposes},
    author={Mill, Tarvo and Alt, Aivars and Liias, Roode},
    journal={Journal of Civil Engineering and Management},
    volume={19},
    number={sup1},
    pages={S23--S32},
    year={2013}
}

@article{pantoja2023damage,
    title={Damage-augmented digital twins towards the automated inspection of buildings},
    author={Pantoja-Rosero, Bryan G and Achanta, Radhakrishna and Beyer, Katrin},
    journal={Automation in Construction},
    volume={150},
    pages={104842},
    year={2023}
}

@article{xia2022study,
    title={Study on city digital twin technologies for sustainable smart city design: A review and bibliometric analysis of geographic information system and building information modeling integration},
    author={Xia, Haishan and Liu, Zishuo and Efremochkina, Maria and Liu, Xiaotong and Lin, Chunxiang},
    journal={Sustainable Cities and Society},
    volume={84},
    pages={104009},
    year={2022}
}

@article{chen2023improving,
    title={Improving completeness and accuracy of 3d point clouds by using deep learning for applications of digital twins to civil structures},
    author={Chen, Shihong and Fan, Gao and Li, Jun},
    journal={Advanced Engineering Informatics},
    volume={58},
    pages={102196},
    year={2023}
}

@article{shi2020review,
    title={Review visual attention and spatial memory in building inspection: Toward a cognition-driven information system},
    author={Shi, Yangming and Du, Jing and Ragan, Eric},
    journal={Advanced Engineering Informatics},
    volume={44},
    pages={101061},
    year={2020}
}

@article{hosamo2022digital,
    title={Digital twin technology for bridge maintenance using 3d laser scanning: A review},
    author={Hosamo, Haidar Hosamo and Hosamo, Mohsen Hosamo},
    journal={Advances in Civil Engineering},
    volume={2022},
    year={2022}
}

@article{jati2021uav,
    title={UAV-based photogrammetry data transformation as a building inspection tool: Applicability in mid-high-rise building},
    author={Jati, Didit Gunawan Prasetyo},
    journal={Jurnal Teknik Sipil},
    volume={16},
    number={2},
    pages={113--121},
    year={2021}
}

@article{fitkau2024ontology,
    title={An ontology-based approach of automatic compliance checking for structural fire safety requirements},
    author={Fitkau, Isabelle and Hartmann, Timo},
    journal={Advanced Engineering Informatics},
    volume={59},
    pages={102314},
    year={2024}
}

@article{li2024single,
    title={Single drone-based 3D reconstruction approach to improve public engagement in conservation of heritage buildings: A case of hakka tulou},
    author={Li, Qingxiang and Yang, Guidong and Gao, Chuanxiang and Huang, Yijun and Zhang, Jihan and Huang, Dongyue and Zhao, Benyun and Chen, Xi and Chen, Ben M},
    journal={Journal of Building Engineering},
    volume={87},
    pages={108954},
    year={2024}
}

@article{zeng2024conse,
    title={Conse: An ontology for visual representation and semantic enrichment of digital images in construction sites},
    author={Zeng, Cheng and Hartmann, Timo and Ma, Leyuan},
    journal={Advanced Engineering Informatics},
    volume={60},
    pages={102446},
    year={2024}
}

@article{chen2023automated,
    title={Automatic concrete defect detection and reconstruction by aligning aerial images onto semantic-rich building information model},
    author={Chen, Junjie and Lu, Weisheng and Lou, Jinfeng},
    journal={Computer-Aided Civil and Infrastructure Engineering},
    volume={38},
    number={8},
    pages={1079--1098},
    year={2023}
}

@article{musella2021building,
    title={Building information modeling and artificial intelligence: Advanced technologies for the digitalisation of seismic damage in existing buildings},
    author={Musella, Christian and Serra, Milena and Menna, Costantino and Asprone, Domenico},
    journal={Structural Concrete},
    volume={22},
    number={5},
    pages={2761--2774},
    year={2021}
}

@article{zhang2023automated,
    title={Automated UAV image-to-BIM registration for building façade inspection using improved generalised Hough transform},
    author={Zhang, Cheng and Wang, Feng and Zou, Yang and Dimyadi, Johannes and Guo, Brian HW and Hou, Lei},
    journal={Automation in Construction},
    volume={153},
    pages={104957},
    year={2023}
}

@article{may2022identification,
  title={The Identification, Development, and Evaluation of BIM-ARDM: A BIM-Based AR Defect Management System for Construction Inspections},
  author={May, Kieran W and KC, Chandani and Ochoa, Jose Jorge and Gu, Ning and Walsh, James and Smith, Ross T and Thomas, Bruce H},
  journal={Buildings},
  volume={12},
  number={2},
  pages={140},
  year={2022},
  publisher={MDPI}
}

@article{shin2009framework,
  title={A framework for tracking-based inspection automation in construction},
  author={Shin, Dae Hong and Dunston, Phillip S},
  journal={KSCE Journal of Civil Engineering},
  volume={13},
  number={4},
  pages={261--269},
  year={2009},
  publisher={Springer}
}

@article{garcia2020annotation,
  title={Annotation and visualization in Android: An application for engineering and construction},
  author={Garc{\'\i}a-Pereira, David and Portalés, Cristina and Gimeno, Jes{\'u}s and Casas, Sergio},
  journal={Multimedia Tools and Applications},
  volume={79},
  pages={6161--6176},
  year={2020},
  publisher={Springer}
}

@article{ma2021single,
  title={A single collaborative BIM-based workflow for quality inspection of precast concrete elements},
  author={Ma, Zhiliang and Liu, Zhe},
  journal={Automation in Construction},
  volume={123},
  pages={103547},
  year={2021},
  publisher={Elsevier}
}

@article{park2013framework,
  title={A framework for proactive construction defect management using BIM, augmented reality and ontology-based data collection template},
  author={Park, Chan-Sik and Lee, Do-Yeop and Kwon, Oh-Seong and Wang, Xiangyu},
  journal={Automation in Construction},
  volume={33},
  pages={61--71},
  year={2013},
  publisher={Elsevier}
}

@article{zhou2019development,
  title={Development of quality control framework for tunnel construction based on BIM and AR technology},
  author={Zhou, Yu and Luo, Hanbin and Yang, Yichuan},
  journal={Tunnelling and Underground Space Technology},
  volume={89},
  pages={1--12},
  year={2019},
  publisher={Elsevier}
}

@article{kwon2019defect,
  title={Defect management system using BIM and augmented reality},
  author={Kwon, Oh-Seong and Park, Chan-Sik and Lim, Chin-Ryang},
  journal={Automation in Construction},
  volume={101},
  pages={262--274},
  year={2019},
  publisher={Elsevier}
}

@article{portales2018digital,
  title={Digital tools for the inspection of buildings: From reality capture to virtual and augmented interaction},
  author={Portal{\'e}s, Cristina and Gimeno, Jes{\'u}s and Garc{\'\i}a-Pereira, David and Casas, Sergio},
  journal={Digital Applications in Archaeology and Cultural Heritage},
  volume={9},
  pages={1--11},
  year={2018},
  publisher={Elsevier}
}

@article{zhang2023automated,
  author = {Zhang, Jihan and Zhao, Benyun and Yang, Guidong and Zhou, Xunkuai and Huang, Yijun and Gao, Chuanxiang and Chen, Xi and Chen, Ben M.},
  title = {Automated High-Precision Digital Twin Modeling of Building Façade Defects with Geobim-Assisted Registration},
  journal = {SSRN},
  year = {2023},
  url = {https://ssrn.com/abstract=4869787},
  doi = {10.2139/ssrn.4869787}
}


@article{feng2020visualization,
  title={Visualization of construction quality management using BIM and AR},
  author={Feng, Chen-Wei and Chen, Yu-Cheng and Huang, Jun-Ren},
  journal={Journal of the Chinese Institute of Engineers},
  volume={43},
  number={3},
  pages={290--301},
  year={2020},
  publisher={Taylor \& Francis}
}

@article{hola2015identification,
  title={Identification of factors affecting the quality of construction works},
  author={Ho{\l}a, Bo{\.z}ena and Sawicki, Marek and Ski{\'o}r, Jerzy},
  journal={Journal of Civil Engineering and Management},
  volume={21},
  number={6},
  pages={795--801},
  year={2015},
  publisher={Taylor \& Francis}
}

@article{tan2022mapping,
    title={Mapping and modelling defect data from UAV captured images to BIM for building external wall inspection},
    author={Tan, Yi and Li, Geng and Cai, Ruying and Ma, Jun and Wang, Mingzhu},
    journal={Automation in Construction},
    volume={139},
    pages={104284},
    year={2022}
}

@article{chen2023gis,
    title={GIS-based information system for automated building façade assessment based on unmanned aerial vehicles and artificial intelligence},
    author={Chen, Kaiwen and Reichard, Georg and Xu, Xin and Akanmu, Abiola},
    journal={Journal of Architectural Engineering},
    volume={29},
    number={4},
    pages={04023032},
    year={2023}
}


@article{zhang2022integrating,
    title={Integrating UAV and BIM for automated visual building inspection: a systematic review and conceptual framework},
    author={Zhang, C and Zou, Y and Dimyadi, J},
    journal={IOP Conference Series: Earth and Environmental Science},
    volume={1101},
    number={6},
    pages={062030},
    year={2022},
    publisher={IOP Publishing}
}

@article{bruno2018historic,
    title={Historic Building Information Modelling: performance assessment for diagnosis-aided information modelling and management},
    author={Bruno, Silvana and De Fino, Mariella and Fatiguso, Fabio},
    journal={Automation in Construction},
    volume={86},
    pages={256-276},
    year={2018},
    publisher={Elsevier}
}

@article{ismail2021how,
    title={How BIM systems affect maintaining IBS building},
    author={Ismail, Zul-Atfi},
    journal={Facilities},
    volume={39},
    number={3/4},
    pages={196-214},
    year={2021},
    publisher={Emerald Publishing Limited}
}

@article{hamdan2021semantic,
    title={A semantic modeling approach for the automated detection and interpretation of structural damage},
    author={Hamdan, Ahmad-Hasan and Taraben, Jakob and Helmrich, Mathias and Mansperger, Tobias and Morgenthal, Guido and Scherer, Raimar J},
    journal={Automation in Construction},
    volume={128},
    pages={103742},
    year={2021},
    publisher={Elsevier}
}

@article{tsilimantou2020gis,
    title={GIS and BIM as integrated digital environments for modeling and monitoring of historic buildings},
    author={Tsilimantou, Elisavet and Delegou, Ekaterini T and Nikitakos, Ioannis A and Ioannidis, Charalabos and Moropoulou, Antonia},
    journal={Applied Sciences},
    volume={10},
    number={3},
    pages={1078},
    year={2020},
    publisher={MDPI}
}

@article{chen2021geo,
    title={Geo-registering UAV-captured close-range images to GIS-based spatial model for building façade inspections},
    author={Chen, Keyu and Reichard, Georg and Akanmu, Abiola and Xu, Xiaowei},
    journal={Automation in Construction},
    volume={122},
    pages={103484},
    year={2021},
    publisher={Elsevier}
}

@article{nepal2021towards,
    title={Towards an integrated approach to infrastructure damage assessment in the aftermath of natural hazards},
    author={Nepal, Madhav Prasad and Hon, Carol and Lee, Jia-Rong and Xiang, Zixiang},
    journal={Buildings},
    volume={11},
    number={8},
    pages={345},
    year={2021},
    publisher={MDPI}
}

@article{ribeiro2020remote,
    title={Remote inspection of RC structures using unmanned aerial vehicles and heuristic image processing},
    author={Ribeiro, Diogo and Santos, Rui and Shibasaki, Atsuhiko and Montenegro, Pedro and Carvalho, Helder and Cal{\c{c}}ada, Rui},
    journal={Engineering Failure Analysis},
    volume={117},
    pages={104796},
    year={2020},
    publisher={Elsevier}
}

@article{tan2021automatic,
    title={Automatic inspection data collection of building surface based on BIM and UAV},
    author={Tan, Yu and Li, Shaohua and Liu, Huiyuan and Chen, Pengfei and Zhou, Zena},
    journal={Automation in Construction},
    volume={131},
    pages={103883},
    year={2021},
    publisher={Elsevier}
}

@article{liu2021integrating,
    title={Integrating Building Information Model and Augmented Reality for Drone-Based Building Inspection},
    author={Liu, Dingxiong and Xia, Xinyi and Chen, Jianfei and Li, Shaohua},
    journal={Journal of Computing in Civil Engineering},
    volume={35},
    number={2},
    pages={04020069},
    year={2021},
    publisher={American Society of Civil Engineers}
}

@article{ma2021single,
    title={Single-shot multibox detector-and building information modeling-based quality inspection model for construction projects},
    author={Ma, Gang and Wu, Mengchao and Wu, Zehao and Yang, Wei},
    journal={Journal of Building Engineering},
    volume={38},
    pages={102203},
    year={2021},
    publisher={Elsevier}
}


@article{zhang2022integrating,
  title={Integrating UAV and BIM for automated visual building inspection: a systematic review and conceptual framework},
  author={Zhang, C and Zou, Y and Dimyadi, J},
  journal={IOP Conference Series: Earth and Environmental Science},
  volume={1101},
  number={6},
  pages={062030},
  year={2022},
  publisher={IOP Publishing}
}

@article{ruiz2021unmanned,
  title={Unmanned aerial vehicles (UAV) as a tool for visual inspection of building facades in AEC+FM industry},
  author={Ruiz, Rafael David Bonilla and Lordsleem Jr, Alberto Casado and Rocha, Janayde Holanda Arag{\~a}o and Irizarry, Javier},
  journal={Construction Innovation},
  volume={22},
  number={3},
  pages={432-453},
  year={2021},
  publisher={Emerald Publishing Limited}
}

@article{cheng2021deep,
  title={Deep learning for post-hurricane aerial damage assessment of buildings},
  author={Cheng, Chih-Shen and Behzadan, Amir H and Noshadravan, Arash},
  journal={Computer-Aided Civil and Infrastructure Engineering},
  volume={36},
  number={6},
  pages={695-710},
  year={2021},
  publisher={Wiley Online Library}
}

@article{liu2021integrating,
  title={Integrating Building Information Model and Augmented Reality for Drone-Based Building Inspection},
  author={Liu, Dingxiong and Xia, Xinyi and Chen, Jianfei and Li, Shaohua},
  journal={Journal of Computing in Civil Engineering},
  volume={35},
  number={2},
  pages={04020069},
  year={2021},
  publisher={American Society of Civil Engineers}
}

@article{nepal2021towards,
  title={Towards an integrated approach to infrastructure damage assessment in the aftermath of natural hazards},
  author={Nepal, Madhav Prasad and Hon, Carol and Lee, Jia-Rong and Xiang, Zixiang},
  journal={Buildings},
  volume={11},
  number={8},
  pages={345},
  year={2021},
  publisher={MDPI}
}

@article{tan2021automatic,
  title={Automatic inspection data collection of building surface based on BIM and UAV},
  author={Tan, Yu and Li, Shaohua and Liu, Huiyuan and Chen, Pengfei and Zhou, Zena},
  journal={Automation in Construction},
  volume={131},
  pages={103883},
  year={2021},
  publisher={Elsevier}
}

@article{ribeiro2020remote,
  title={Remote inspection of RC structures using unmanned aerial vehicles and heuristic image processing},
  author={Ribeiro, Diogo and Santos, Rui and Shibasaki, Atsuhiko and Montenegro, Pedro and Carvalho, Helder and Cal{\c{c}}ada, Rui},
  journal={Engineering Failure Analysis},
  volume={117},
  pages={104796},
  year={2020},
  publisher={Elsevier}
}

@article{chen2021geo,
  title={Geo-registering UAV-captured close-range images to GIS-based spatial model for building façade inspections},
  author={Chen, Keyu and Reichard, Georg and Akanmu, Abiola and Xu, Xiaowei},
  journal={Automation in Construction},
  volume={122},
  pages={103484},
  year={2021},
  publisher={Elsevier}
}

@article{jiang2020real,
  title={Real-time crack assessment using deep neural networks with wall-climbing unmanned aerial system},
  author={Jiang, Shengyi and Zhang, Junzhou},
  journal={Computer-Aided Civil and Infrastructure Engineering},
  volume={35},
  number={6},
  pages={549-564},
  year={2020},
  publisher={Wiley Online Library}
}

@article{kim2017concrete,
  title={Concrete crack identification using a UAV incorporating hybrid image processing},
  author={Kim, Hyunjun and Lee, Junhwa and Ahn, Eunjong and Cho, Soojin and Shin, Myoungsu and Sim, Sung-Han},
  journal={Sensors},
  volume={17},
  number={9},
  pages={2052},
  year={2017},
  publisher={MDPI}
}

@article{xiong2020automated,
  title={Automated regional seismic damage assessment of buildings using an unmanned aerial vehicle and a convolutional neural network},
  author={Xiong, Chen and Li, Quan and Lu, Xilin},
  journal={Automation in Construction},
  volume={109},
  pages={102994},
  year={2020},
  publisher={Elsevier}
}

@article{falorca2021facade,
  title={Facade inspections with drones--theoretical analysis and exploratory tests},
  author={Falorca, Jorge F and Lanzinha, Jo{\~a}o CG},
  journal={International Journal of Building Pathology and Adaptation},
  volume={39},
  number={2},
  pages={235-258},
  year={2021},
  publisher={Emerald Publishing Limited}
}

@article{zhang2023automated,
  title={Automated High-Precision Digital Twin Modeling of Building Façade Defects with GeoBIM-assisted Registration},
  author={Zhang, Jihan and Zhao, Benyun and Yang, Guidong and Zhou, Xunkuai and Huang, Yijun and Gao, Chuanxiang and Chen, Xi and Chen, Ben M.},
  journal={SSRN Electronic Journal},
  year={2023},
  doi={10.2139/ssrn.4869787},
  url={https://ssrn.com/abstract=4869787},
  publisher={Elsevier BV}
}

@article{spencer2019advances,
  title={Advances in computer vision-based civil infrastructure inspection and monitoring},
  author={Spencer Jr, Billie F and Hoskere, Vedhus and Narazaki, Yasutaka},
  journal={Engineering},
  volume={5},
  number={2},
  pages={199--222},
  year={2019},
  publisher={Elsevier}
}

@inproceedings{see2017role,
  title={The role of visual inspection in the 21st century},
  author={See, Judi E and others},
  booktitle={Proceedings of the Human Factors and Ergonomics Society Annual Meeting},
  volume={61},
  number={1},
  pages={262--266},
  year={2017},
  organization={SAGE Publications Sage CA: Los Angeles, CA}
}

@article{chen2023automated,
  title={Automated facility inspection using robotics and BIM: A knowledge-driven approach},
  author={Chen, Junjie and Lu, Weisheng and Fu, Yonglin and Dong, Zhiming},
  journal={Advanced Engineering Informatics},
  volume={55},
  pages={101838},
  year={2023},
  publisher={Elsevier}
}

@article{brown2020language,
  title={Language models are few-shot learners},
  author={Brown, Tom and others},
  journal={Advances in neural information processing systems},
  volume={33},
  pages={1877--1901},
  year={2020}
}

@article{lewis2020retrieval,
  title={Retrieval-augmented generation for knowledge-intensive NLP tasks},
  author={Lewis, Patrick and others},
  journal={Advances in Neural Information Processing Systems},
  volume={33},
  pages={9459--9474},
  year={2020}
}

@article{gao2023survey,
  title={A survey on hallucination in large language models},
  author={Gao, Lingyu and others},
  journal={arXiv preprint arXiv:2305.10090},
  year={2023}
}

@article{ding2024survey,
  title={A Survey on RAG Meets LLMs: Towards Retrieval-Augmented Large Language Models},
  author={Ding, Yujuan and others},
  journal={arXiv preprint arXiv:2405.06211},
  year={2024}
}

@inproceedings{borgeaud2022improving,
  title={Improving language models by retrieving from trillions of tokens},
  author={Borgeaud, Sebastian and others},
  booktitle={International Conference on Machine Learning},
  pages={1119--1137},
  year={2022},
  organization={PMLR}
}

@inproceedings{izacard2021leveraging,
  title={Leveraging passage retrieval with generative models for open domain question answering},
  author={Izacard, Gautier and Grave, Edouard},
  booktitle={Proceedings of the 16th Conference of the European Chapter of the Association for Computational Linguistics: Main Volume},
  pages={874--880},
  year={2021}
}

@article{mohammadi2023integration,
  title={Integration of TLS-derived bridge information modeling (BrIM) with a decision support system (DSS) for digital twinning and asset management of bridge infrastructures},
  author={Mohammadi, Masoud and others},
  journal={Computers in Industry},
  volume={147},
  pages={103881},
  year={2023},
  publisher={Elsevier}
}

@article{chen2023improving,
  title={Improving completeness and accuracy of 3D point clouds by using deep learning for applications of digital twins to civil structures},
  author={Chen, Shihong and Fan, Gao and Li, Jun},
  journal={Advanced Engineering Informatics},
  volume={58},
  pages={102196},
  year={2023},
  publisher={Elsevier}
}

@article{li2024single,
  title={Single drone-based 3D reconstruction approach to improve public engagement in conservation of heritage buildings: A case of hakka tulou},
  author={Li, Qingxiang and others},
  journal={Journal of Building Engineering},
  volume={87},
  pages={108954},
  year={2024},
  publisher={Elsevier}
}

@article{fan2023retrieval,
  title={Retrieval-augmented generation for AI-generated content: A survey},
  author={Fan, Wenqi and others},
  journal={arXiv preprint arXiv:2312.10997},
  year={2023}
}

@article{gao2023retrieval,
  title={Retrieval-augmented generation for large language models: A survey},
  author={Gao, Junyi and others},
  journal={arXiv preprint arXiv:2312.10997},
  year={2023}
}

@article{asai2023self,
  title={Self-RAG: Learning to retrieve, generate, and critique through self-reflection},
  author={Asai, Akari and others},
  journal={arXiv preprint arXiv:2310.11511},
  year={2023}
}

@article{wang2023augmented,
  title={Augmented language models: a survey},
  author={Wang, Yihong and others},
  journal={arXiv preprint arXiv:2302.07842},
  year={2023}
}

@article{li2023explaining,
  title={Explaining large language models: A systematic review},
  author={Li, Chengxi and others},
  journal={arXiv preprint arXiv:2309.01029},
  year={2023}
}

@article{meng2023self,
  title={Self-adaptive in-context learning},
  author={Meng, Chunyuan and others},
  journal={arXiv preprint arXiv:2307.07327},
  year={2023}
}

@article{xu2023retrieval,
  title={Retrieval-augmented generation for large language models: A survey},
  author={Xu, Yunfan and others},
  journal={arXiv preprint arXiv:2312.10908},
  year={2023}
}

@article{liu2023survey,
  title={A survey of retrieving generative ai: Retrieval-augmented generation, training-free rag and llm over data},
  author={Liu, Zhengliang and others},
  journal={arXiv preprint arXiv:2312.10997},
  year={2023}
}

@article{wu2023survey,
  title={A survey on retrieval-augmented text generation},
  author={Wu, Zhipeng and others},
  journal={arXiv preprint arXiv:2312.10997},
  year={2023}
}